
@article{LalR,
author = {Lal R},
year = {2004},
month = {11},
pages = {1-22},
title = {Soil carbon sequestration to mitigate climate change},
volume = {123},
journal = {Geoderma},
doi = {10.1016/j.geoderma.2004.01.032}
}

@article{landsat7,
author = {Zheng D L,Rademacherb J,Chena J Q},
year = {2004},
month = {11},
pages = {402-411},
title = {Estimating aboveground biomass using landsat7 ETM+data across a managed landscape in Northern Wisconsin,USA},
volume = {93},
journal = {Remote Sensing of Environment},
doi = {10.1016/j.rse.2004.08.008}
}

@article{urbanforest,
author = {Kanniah K D,Muhamad N,Kang C S},
year = {2014},
month = {02},
pages = {12-15},
title = {Remote sensing assessment of carbon storage by urban forest},
volume = {18},
journal = {IOP Conference Series Earth and Environmental Science},
doi = {10.1088/1755-1315/18/1/012151}
}

@article{WoodProducts,
author = {Kanniah K D,Muhamad N,Kang C S},
year = {2013},
month = {12},
pages = {2023-2033},
title = {Global Climate Change and China’s Contribution to Carbon Reduction：Based on Carbon Storage Accounting of Chinese Harvested Wood Products},
volume = {28},
journal = {JOURNAL OF NATURAL RESOURCES},
doi = {10.11849/zrzyxb.2013.12.001}
}

@article{Hdata,
author = {Liu Liling，Ning-hua zhu},
year = {2020},
month = {09},
pages = {165-170},
title = {Growth law and productivity of tree species in karst plantation in western Hunan},
volume = {48},
journal = {Jiangsu Agricultural Sciences},
doi = {10.15889/j.issn.1002-1302.2020.18.033}
}

@article{TaiwaniaDensity,
author = {Luo Liangcai; Xu Lianfang},
year = {1982},
month = {04},
pages = {24-37+44},
title = {Study on physical and mechanical properties of Chinese fir wood},
volume = {01},
journal = {Yunnan Forestry Science and Technology},
doi = {10.16473/j.cnki.xblykx1972.1982.01.003.}
}

@article{ToonaDensity,
author = {Zhang Youyuan; Xia Yufang; Jian-chu xu; Wang yunwu petticoats},
year = {2013},
month = {10},
pages = {641-646},
title = {Anatomical structure and physico-mechanical properties of Wood of Toona sinensis},
volume = {35},
journal = {Journal of Plant Taxonomy and Resources},
doi = {10.7677/ynzwyj201312173}
}

@article{Decomposition_rate,
author = {Hai-ling li},
year = {2014},
month = {06},
pages = {641-646},
title = {Emission characteristics of greenhouse gas methane from typical Municipal solid waste landfills in China},
volume = {35},
journal = {Lanzhou university},
doi = {10.33142/sca.v2i8.1196}
}

@article{multi_system,
author = {Ma Shijun, Wang Rusong},
year = {1984},
month = {04},
pages = {1-9},
title = {Socio-economic-natural complex ecosystem},
volume = {4},
journal = {Acta ecologica sinica},
doi = {10.13360/j.issn.1000-8101.2014.05.017.}
}


@article{Kc2333,
author = {Cai Huide,Zhang wei, Nong Shengqi, Jiang Jinfeng, Xu Shidao},
year = {2014},
month = {09},
pages = {72-74},
title = {Determination of carbon content of main tree species in Guangxi},
volume = {28},
journal = {Development of forestry science and technology},
doi = {10.1016/S0304-3800(02)00419-2}
}


@article{carbon_cycle,
author = {Liu Xiaojuan,Trogisch Stefan, He Jin-Sheng, Niklaus Pascal A., Bruelheide Helge, Tang Zhiyao, Erfmeier Alexandra, Scherer-Lorenzen Michael, Pietsch Katherina A., Yang Bo, Kühn Peter, Scholten Thomas, Huang Yuanyuan, Wang Chao, Staab Michael, Leppert Katrin N., Wirth Christian, Schmid Bernhard and Ma Keping},
year = {2018},
month = {08},
pages = {1-9},
title = {Tree species richness increases ecosystem carbon storage in subtropical forests },
volume = {285},
journal = {Royal Society},
doi = {10.1098/rspb.2018.1240}
}

